% You can generate BibTeX-style bibliography entries from e.g Google Scholar (Cite -> BibTeX)
@misc{myo,
    key = {thalmic},
    title = {{Myo Armband}},
    howpublished = {\url{https://www.myo.com/}},
    note = {Accessed: 17.10.2016}
}

@misc{crosscorrelation,
    title = {{Cross Correlation}},
    howpublished = {\url{http://paulbourke.net/miscellaneous/correlate/}},
    note = {Accessed: 17.10.2016}
}